@article{Chan2024ScalingSD,
  title={Scaling Synthetic Data Creation with 1,000,000,000 Personas},
  author={Xin Chan and Xiaoyang Wang and Dian Yu and Haitao Mi and Dong Yu},
  journal={ArXiv},
  year={2024},
  volume={abs/2406.20094},
  url={https://api.semanticscholar.org/CorpusID:270845490}
}